@book{A21,
  title={Perverse Sheaves and Applications to Representation Theory},
  author={Achar, P.N.},
  isbn={9781470455972},
  lccn={2021015561},
  series={Mathematical Surveys and Monographs},
  url={https://books.google.co.uk/books?id=8-J9zgEACAAJ},
  year={2021},
  publisher={American Mathematical Society}
}

@misc{Artin-96,
  author = {Artin},
  year = {1996},
  title        = {Deformation Theory},
  url = {https://www.maths.ed.ac.uk/~ssierra/artin_notes_deformationthy.pdf}
}

@misc{AG-17,
      title={The category of singularities as a crystal and global Springer fibers}, 
      author={D. Arinkin and D. Gaitsgory},
      year={2017},
      archivePrefix={arXiv},
      url = {https://arxiv.org/abs/1412.4394}
}

@misc{Bam16,
      title={On a generalization of affinoid varieties}, 
      author={Federico Bambozzi},
      year={2016},
      eprint={1401.5702},
      archivePrefix={arXiv},
      primaryClass={math.AG},
      url={https://arxiv.org/abs/1401.5702}, 
}

@misc{Bar12,
      title={D-modules on Spaces of Rational Maps and on other Generic Data}, 
      author={Jonathan Barlev},
      year={2012},
      eprint={1204.3469},
      archivePrefix={arXiv},
      primaryClass={math.RT}
}

@misc{BBK24,
      title={A Perspective on the Foundations of Derived Analytic Geometry}, 
      author={Oren Ben-Bassat and Jack Kelly and Kobi Kremnizer},
      year={2024},
      eprint={2405.07936},
      archivePrefix={arXiv},
      primaryClass={math.AG},
      url={https://arxiv.org/abs/2405.07936}, 
}

@article{BB16,
   title={Dagger geometry as Banach algebraic geometry},
   volume={162},
   ISSN={0022-314X},
   url={http://dx.doi.org/10.1016/j.jnt.2015.10.023},
   DOI={10.1016/j.jnt.2015.10.023},
   journal={Journal of Number Theory},
   publisher={Elsevier BV},
   author={Bambozzi, Federico and Ben-Bassat, Oren},
   year={2016},
   month=may, pages={391–462} }


@misc{BB-93,
  shorthand = {BB-93},
  author       = {Beilinson, Alexander and Bernstein, Joseph},
  title        = {Proof of Jantzen Conjecture},
  year         = {1993}
}

@misc{BD,
  shorthand = {BD},
  author = {Beilinson, Alexander and Drinfeld, Vladimir},
  title = {Quantization of Hitchin's Integrable System and Hecke Eigensheaves},
  url = {https://math.uchicago.edu/~drinfeld/langlands/QuantizationHitchin.pdf}
}

@misc{BDSeminar,
  shorthand = {BDSeminar},
  author       = {Lurie, Jacob},
  title        = {Notes on Crystals and Algebraic D-modules},
  url = {https://people.math.harvard.edu/~gaitsgde/grad_2009/SeminarNotes/Nov17-19(Crystals).pdf}
}

@misc{BDSeminar2,
  shorthand = {BDSeminar2},
  author = {Gomez, Tomas},
  url = {https://people.math.harvard.edu/~gaitsgde/grad_2009/Tomas.pdf}
}

@article{BK17,
   title={Non-Archimedean analytic geometry as relative algebraic geometry},
   url={http://dx.doi.org/10.5802/afst.1526},
   author={Ben-Bassat, Oren and Kremnizer, Kobi},
   year={2017}}


@misc{Bro19,
      title={Duality for commutative group stacks}, 
      author={Sylvain Brochard},
      year={2019},
      eprint={1404.0285},
      archivePrefix={arXiv},
      primaryClass={math.AG}
}

@misc{BZN15,
      title={The Character Theory of a Complex Group}, 
      author={David Ben-Zvi and David Nadler},
      year={2015},
      eprint={0904.1247},
      archivePrefix={arXiv},
      primaryClass={math.RT},
      url = {https://arxiv.org/abs/0904.1247}
}

@misc{Cam24,
      title={The analytic de Rham stack in rigid geometry}, 
      author={Juan Esteban Rodríguez Camargo},
      year={2024},
      eprint={2401.07738},
      archivePrefix={arXiv},
      primaryClass={math.AG},
      url={https://arxiv.org/abs/2401.07738}, 
}

@misc{Camp17,
      title={Unramified geometric class field theory and Cartier duality}, 
      author={Justin Campbell},
      year={2017},
      eprint={1710.02892v1},
      archivePrefix={arXiv},
      primaryClass={math.AG}
}

@misc{CH21,
      title={Geometric class field theory and Cartier duality}, 
      author={Justin Campbell and Andreas Hayash},
      year={2021},
      eprint={1710.02892},
      archivePrefix={arXiv},
      primaryClass={math.AG}
}

@book{Cis19, 
  place={Cambridge}, 
  series={Cambridge Studies in Advanced Mathematics}, 
  title={Higher Categories and Homotopical Algebra}, 
  DOI={10.1017/9781108588737}, 
  publisher={Cambridge University Press}, 
  author={Cisinski, Denis-Charles}, 
  year={2019}, 
  collection={Cambridge Studies in Advanced Mathematics}
}

@InProceedings{De73,
author="Deligne, P.",
title="La formule de dualite globale",
booktitle="Th{\'e}orie des Topos et Cohomologie Etale des Sch{\'e}mas",
year="1973",
publisher="Springer Berlin Heidelberg",
address="Berlin, Heidelberg",
pages="481--587",
isbn="978-3-540-38124-2"
}


@article{D83,
  title={Two-Dimensional l-Adic Representations of the Fundamental Group of a Curve Over a Finite Field and Automorphic Forms on GL(2)},
  author={Drinfeld, Vladmir},
  journal={American Journal of Mathematics},
  year={1983},
  volume={105},
  pages={85}
}

@misc{F03,
      title={Recent Advances in the Langlands Program}, 
      author={Frenkel, Edward},
      year={2003},
      url = {https://arxiv.org/abs/math/0303074}
}

@misc{FG06,

  doi = {10.48550/ARXIV.MATH/0508382},
  
  url = {https://arxiv.org/abs/math/0508382},
  
  author = {Frenkel, Edward and Gaitsgory, Dennis},
  
  title = {Local geometric Langlands correspondence and affine Kac-Moody algebras},
  
  publisher = {arXiv},
  
  year = {2006}
}

@misc{FS24,
      title={Geometrization of the local Langlands correspondence}, 
      author={Laurent Fargues and Peter Scholze},
      year={2024},
      eprint={2102.13459},
      archivePrefix={arXiv},
      primaryClass={math.RT}
}

@article{FW83,
     author = {Fontaine, Jean-Marc and Wintenberger, Jean-Pierre},
     title = {Le corps des normes de certaines extensions infinies de corps locaux ; applications},
     journal = {Annales scientifiques de l'\'Ecole Normale Sup\'erieure},
     pages = {59--89},
     publisher = {Elsevier},
     volume = {4e s{\'e}rie, 16},
     number = {1},
     year = {1983},
     doi = {10.24033/asens.1440},
     mrnumber = {85e:11098},
     zbl = {0516.12015},
     language = {fr},
     url = {http://www.numdam.org/articles/10.24033/asens.1440/}
}

@misc{Ga12,
      title={Contractibility of the space of rational maps}, 
      author={Dennis Gaitsgory},
      year={2012},
      eprint={1108.1741},
      archivePrefix={arXiv},
      primaryClass={math.AG}
}

@misc{GR14,
  title={Crystals and D-modules}, 
  author={Gaitsgory, Dennis and Rozenblyum, Nick},
  year={2014},
  archivePrefix={arXiv},
  url = {https://arxiv.org/abs/1111.2087}
}

@misc{Gomez,
  shorthand = {Gomez},
  author       = {L. Gomez, Tomas},
  title = {Quantization of Hitchin’s integrable system and the geometric Langlands conjecture},
  url = {https://people.math.harvard.edu/~gaitsgde/grad_2009/Tomas.pdf}
}

@book{HTT,
  title={D-modules, perverse sheaves, and representation theory},
  author={Hotta, Ryoshi and Takeuchi, Kiyoshi and Tanisaki, Toshiyuki},
  volume={236},
  year={2007},
  publisher={Springer Science \& Business Media}
}

@misc{KW,
  author       = {Kiehl, Reinhardt and Weissauer, Rainer},
  title        = {Weil Conjectures, Perverse Sheaves and l-adic Fourier Transform}
}

@article{Lang56,
 ISSN = {00029327, 10806377},
 URL = {http://www.jstor.org/stable/2372673},
 author = {Serge Lang},
 journal = {American Journal of Mathematics},
 number = {3},
 pages = {555--563},
 publisher = {Johns Hopkins University Press},
 title = {Algebraic Groups Over Finite Fields},
 urldate = {2023-10-03},
 volume = {78},
 year = {1956}
}


@misc{lurie-HTT,
      title={Higher Topos Theory}, 
      author={Lurie, Jacob},
      year={2008},
      eprint={math/0608040},
      archivePrefix={arXiv},
      primaryClass={math.CT}
}

@unpublished{lurie-HA,
    author = {Lurie, Jacob},
    title = {Higher algebra},
    year = {2017},
    month = {09},
    note = {Unpublished. Available online at \url{https://www.math.ias.edu/~lurie/}}
}

@unpublished{Lurie282y13,
  author = {Lurie, Jacob},
  note   = {Unpublished. Available online at \url{https://www.math.ias.edu/~lurie/282ynotes/LectureXIII-Trivialization.pdf}},
  title  = {Existence of Generic Trivializations (Lecture 13)}
}

@misc{Mic,
  author       = {Peter Michor},
  title        = {Topics in Differential Geometry},
  url          = {https://www.mat.univie.ac.at/~michor/dgbook.pdf},
}

@book{milne, 
  place={Cambridge}, 
  series={Cambridge Studies in Advanced Mathematics}, 
  title={Algebraic Groups: The Theory of Group Schemes of Finite Type over a Field}, 
  DOI={10.1017/9781316711736}, 
  publisher={Cambridge University Press}, 
  author={Milne, J. S.}, 
  year={2017}, 
  collection={Cambridge Studies in Advanced Mathematics}
}

@misc{milneLEC,
author={Milne, James S.},
title={Lectures on Etale Cohomology (v2.21)},
year={2013},
note={Available at www.jmilne.org/math/},
pages={202}
}

@book{Nes21,
  author         = {Jet Nestruev},
  publisher      = {Springer Cham},
  title          = {Smooth Manifolds and Observables},
  year           = {2021}
}

@misc{Ras20,

  doi = {10.48550/ARXIV.2002.01394},
  
  url = {https://arxiv.org/abs/2002.01394},
  
  author = {Raskin, Sam},
  
  title = {Affine Beilinson-Bernstein localization at the critical level for $GL_2$},
  
  publisher = {arXiv},
  
  year = {2020}
}

@misc{Ric12,
      title={A new approach to the geometric Satake equivalence}, 
      author={Richarz, Timo},
      year={2012},
      eprint={1207.5314},
      archivePrefix={arXiv},
      primaryClass={math.AG}
}


@misc{RY22,
  shorthand = {RY-22},

  doi = {10.48550/ARXIV.2203.13885},
  
  url = {https://arxiv.org/abs/2203.13885},
  
  author = {Yang, David and Raskin, Sam},
  
  title = {Affine Beilinson-Bernstein localization at the critical level},
  
  publisher = {arXiv},
  
  year = {2022}
}

@book{SW20,
 ISBN = {9780691202082},
 URL = {http://www.jstor.org/stable/j.ctvs32rc9},
 author = {Peter Scholze and Jared Weinstein},
 publisher = {Princeton University Press},
 title = {Berkeley Lectures on p-adic Geometry: (AMS-207)},
 year = {2020}
}


@misc{stacks-project,
    shorthand    = {Stacks},
    author       = {The {Stacks Project Authors}},
    title        = {\textit{Stacks Project}},
    howpublished = {\url{https://stacks.math.columbia.edu}},
    year         = {2018},
  }

@incollection{T10,
  TITLE = {{Simplicial presheaves and derived algebraic geometry.}},
  AUTHOR = {Toen, Bertrand},
  URL = {https://hal.science/hal-00772850},
  BOOKTITLE = {{Simplicial Methods for Operads and Algebraic Geometry}},
  PUBLISHER = {{Springer Basel}},
  SERIES = {Advanced Courses in Mathematics - CRM Barcelona},
  PAGES = {119-185},
  YEAR = {2010},
  MONTH = Jan,
  DOI = {10.1007/978-3-0348-0052-5},
  PDF = {https://hal.science/hal-00772850v2/file/crm-2009.pdf},
  HAL_ID = {hal-00772850},
  HAL_VERSION = {v2}
}

@misc{Zhu16,
      title={An introduction to affine Grassmannians and the geometric Satake equivalence}, 
      author={Xinwen Zhu},
      year={2016},
      url = {https://arxiv.org/abs/1603.05593}
}